
@IEEEtranBSTCTL{bstctl:etal,
  CTLuse_forced_etal = {no},
  CTLmax_names_forced_etal = {3}
}

@IEEEtranBSTCTL{bstctl:nodash,
  CTLdash_repeated_names = {no}
}

@IEEEtranBSTCTL{bstctl:simpurl,
  CTLname_url_prefix = {Available: }
}

